@article{einstein,
    author =       "Albert Einstein",
    title =        "foo",
    journal =      "Annalen der Physik",
    volume =       "322",
    number =       "10",
    pages =        "891--921",
    year =         "1905",
    DOI =          "http://dx.doi.org/10.1002/andp.19053221004"
}
 
@book{latexcompanion,
    author    = "Michel Goossens and Frank Mittelbach and Alexander Samarin",
    title     = "The \LaTeX\ Companion",
    year      = "1993",
    publisher = "Addison-Wesley",
    address   = "Reading, Massachusetts"
}
 
@misc{knuthwebsite,
    author    = "Donald Knuth",
    title     = "Knuth: Computers and Typesetting",
    url       = "http://www-cs-faculty.stanford.edu/\~{}uno/abcde.html"
    }
	
@Article{einstein2,
author ="Albert Einstrein",
title ="foobar",
journal = "Journal of foo",
year =1999
}

@article{schryen2009security,
title={Security of open source and closed source software: An empirical comparison of published vulnerabilities},
author={Schryen, Guido},
year={2009}
}

@article{schryen2011open,
  title={Is open source security a myth?},
  author={Schryen, Guido},
  journal={Communications of the ACM},
  volume={54},
  number={5},
  pages={130--140},
  year={2011},
  publisher={ACM}
}

@article{hoepman2007increased,
  title={Increased security through open source},
  author={Hoepman, Jaap-Henk and Jacobs, Bart},
  journal={Communications of the ACM},
  volume={50},
  number={1},
  pages={79--83},
  year={2007},
  publisher={ACM}
}

@article{christey2013buying,
  title={Buying into the bias: Why vulnerability statistics suck},
  author={Christey, Steve and Martin, Brian},
  journal={BlackHat, Las Vegas, USA, Tech. Rep},
  volume={1},
  year={2013}
}

@incollection{scacchi2012designing,
  title={Designing secure systems based on open architectures with open source and closed source components},
  author={Scacchi, Walt and Alspaugh, Thomas A},
  booktitle={Open Source Systems: Long-Term Sustainability},
  pages={144--159},
  year={2012},
  publisher={Springer}
}

@article{raghunathan2005open,
  title={Open source versus closed source: software quality in monopoly and competitive markets},
  author={Raghunathan, Srinivasan and Prasad, Ashutosh and Mishra, Birendra K and Chang, Hsihui},
  journal={Systems, Man and Cybernetics, Part A: Systems and Humans, IEEE Transactions on},
  volume={35},
  number={6},
  pages={903--918},
  year={2005},
  publisher={IEEE}
}

@article{malhotra2013cryptology,
  title={Cryptology Beyond Shannon's Information Theory: Preparing for When the ‘Enemy Knows the System’with Technical Focus on Number Field Sieve Cryptanalysis Algorithms for Most Efficient Prime Factorization on Composites},
  author={Malhotra, Yogesh},
  journal={Available at SSRN},
  year={2013}
}

@inproceedings{forrest1997building,
  title={Building diverse computer systems},
  author={Forrest, Stephanie and Somayaji, Anil and Ackley, David H},
  booktitle={Operating Systems, 1997., The Sixth Workshop on Hot Topics in},
  pages={67--72},
  year={1997},
  organization={IEEE}
}

@article{scarfone2008guide,
  title={Guide to general server security},
  author={Scarfone, Karen and Jansen, Wayne and Tracy, Miles},
  journal={NIST Special Publication},
  volume={800},
  pages={123},
  year={2008}
}

@inproceedings{durumeric2014matter,
  title={The matter of Heartbleed},
  author={Durumeric, Zakir and Kasten, James and Adrian, David and Halderman, J Alex and Bailey, Michael and Li, Frank and Weaver, Nicolas and Amann, Johanna and Beekman, Jethro and Payer, Mathias and others},
  booktitle={Proceedings of the 2014 Conference on Internet Measurement Conference},
  pages={475--488},
  year={2014},
  organization={ACM}
}

@article{raymond1999cathedral,
  title={The cathedral and the bazaar},
  author={Raymond, Eric},
  journal={Knowledge, Technology \& Policy},
  volume={12},
  number={3},
  pages={23--49},
  year={1999},
  publisher={Springer}
}

@article{lakhani2007principles,
  title={The principles of distributed innovation},
  author={Lakhani, Karim R and Panetta, Jill A},
  journal={innovations},
  volume={2},
  number={3},
  pages={97--112},
  year={2007},
  publisher={MIT Press}
}

@article{geer2003cyberinsecurity,
  title={Cyberinsecurity: The cost of monopoly},
  author={Geer, Daniel and Bace, Rebecca and Gutmann, Peter and Metzger, Perry and Pfleeger, Charles P and Quarterman, John S and Schneier, Bruce},
  journal={How the dominance of Microsoft’s products poses a risk to society},
  year={2003}
}

@article{geer2005monoculture,
  title={Monoculture on the Back of the Envelope},
  author={Geer, Dan},
  journal={Login},
  volume={30},
  number={6},
  pages={6--8},
  year={2005}
}

@book{plous1993psychology,
  title={The psychology of judgment and decision making.},
  author={Plous, Scott},
  year={1993},
  publisher={Mcgraw-Hill Book Company}
}

@inproceedings{garcia2011diversity,
  title={OS diversity for intrusion tolerance: Myth or reality?},
  author={Garcia, Miguel and Bessani, Alysson and Gashi, Ilir and Neves, Nuno and Obelheiro, Rafael},
  booktitle={Dependable Systems \& Networks (DSN), 2011 IEEE/IFIP 41st International Conference on},
  pages={383--394},
  year={2011},
  organization={IEEE}
}

@article{brown2002opening,
  title={Opening the open source debate},
  author={Brown, Kenneth},
  journal={Alexis de Tocqueville Institution},
  year={2002}
}

@inproceedings{mcgraw2000will,
  title={Will openish source really improve security?},
  author={McGraw, Gary},
  booktitle={Security and Privacy, 2000. S\&P 2000. Proceedings. 2000 IEEE Symposium on},
  pages={128--129},
  year={2000},
  organization={IEEE}
}
@article{birman2009monoculture,
  title={The monoculture risk put into context},
  author={Birman, Kenneth P and Schneider, Fred B},
  journal={IEEE Security \& Privacy},
  number={1},
  pages={14--17},
  year={2009},
  publisher={IEEE}
}
@article{lowry2014concepts,
  title={Concepts and applications of inferential statistics},
  author={Lowry, Richard},
  year={2014}
}
@article{head2015extent,
  title={The Extent and Consequences of P-Hacking in Science},
  author={Head, Megan L and Holman, Luke and Lanfear, Rob and Kahn, Andrew T and Jennions, Michael D},
  journal={PLoS Biol},
  volume={13},
  number={3},
  pages={e1002106},
  year={2015},
  publisher={Public Library of Science}
}
@article{kruschke2013bayesian,
  title={Bayesian estimation supersedes the t test.},
  author={Kruschke, John K},
  journal={Journal of Experimental Psychology: General},
  volume={142},
  number={2},
  pages={573},
  year={2013},
  publisher={American Psychological Association}
}

@article{lynning2011grasping,
  title={Grasping the spirit in nature: Anschauung in {\O}rsted’s epistemology of science and beauty},
  author={Lynning, Kristine Hays and Jacobsen, Anja Skaar},
  journal={Studies in History and Philosophy of Science Part A},
  volume={42},
  number={1},
  pages={45--57},
  year={2011},
  publisher={Elsevier}
}

@inproceedings{glynn2005commercial,
  title={Commercial adoption of open source software: an empirical study},
  author={Glynn, Eugene and Fitzgerald, Brian and Exton, Chris},
  booktitle={Empirical Software Engineering, 2005. 2005 International Symposium on},
  pages={10--pp},
  year={2005},
  organization={IEEE}
}

@article{paulson2004empirical,
  title={An empirical study of open-source and closed-source software products},
  author={Paulson, James W and Succi, Giancarlo and Eberlein, Armin},
  journal={Software Engineering, IEEE Transactions on},
  volume={30},
  number={4},
  pages={246--256},
  year={2004},
  publisher={IEEE}
}

@article{heili2008prevent,
  title={To prevent them from entering, provide the keys},
  author={Heili, Joseph and Heraud, Jean-Mathias},
  journal={International Journal of Information Technology and Management},
  volume={8},
  number={1},
  pages={19--32},
  year={2008},
  publisher={Inderscience Publishers}
}

@article{gerding2009code,
  title={Code, Crash, and Open Source: The Outsourcing of Financial Regulation to Risk Models and the Global Financial Crisis},
  author={Gerding, Erik F},
  journal={Wash. L. Rev.},
  volume={84},
  pages={127},
  year={2009},
  publisher={HeinOnline}
}

@article{kiranproject,
  title={IT project management and success criteria},
  author={K{\i}ran, Sel{\c{c}}uk}
}

@book{womack2010lean,
  title={Lean thinking: banish waste and create wealth in your corporation},
  author={Womack, James P and Jones, Daniel T},
  year={2010},
  publisher={Simon and Schuster}
}

@inproceedings{poppendieck2007lean,
  title={Lean software development},
  author={Poppendieck, Mary},
  booktitle={Companion to the proceedings of the 29th International Conference on Software Engineering},
  pages={165--166},
  year={2007},
  organization={IEEE Computer Society}
}

@article{beck2001manifesto,
  title={Manifesto for agile software development},
  author={Beck, Kent and Beedle, Mike and Van Bennekum, Arie and Cockburn, Alistair and Cunningham, Ward and Fowler, Martin and Grenning, James and Highsmith, Jim and Hunt, Andrew and Jeffries, Ron and others},
  year={2001}
}

@article{dingsoyr2012decade,
  title={A decade of agile methodologies: Towards explaining agile software development},
  author={Dings{\o}yr, Torgeir and Nerur, Sridhar and Balijepally, VenuGopal and Moe, Nils Brede},
  journal={Journal of Systems and Software},
  volume={85},
  number={6},
  pages={1213--1221},
  year={2012},
  publisher={Elsevier}
}

@article{dybaa2008empirical,
  title={Empirical studies of agile software development: A systematic review},
  author={Dyb{\aa}, Tore and Dings{\o}yr, Torgeir},
  journal={Information and software technology},
  volume={50},
  number={9},
  pages={833--859},
  year={2008},
  publisher={Elsevier}
}

@techreport{payne2010impact,
  title={The Impact of Space to the 21st Century American Military},
  author={Payne, Gregory},
  year={2010},
  institution={DTIC Document}
}

@article{xia2016optimal,
  title={Optimal Coordination in Distributed Software Development},
  author={Xia, Hao and Dawande, Milind and Mookerjee, Vijay},
  journal={Production and Operations Management},
  volume={25},
  number={1},
  pages={56--76},
  year={2016},
  publisher={Wiley Online Library}
}

@article{lean1996lean,
  title={The Lean Enterprise Model “A Lean Enterprise Reference Tool”},
  author={Lean Aircraft Initiative and others},
  year={1996}
}

@phdthesis{bakkila1996system,
  title={A system dynamics analysis of the interaction between the US government and the defense aerospace industry},
  author={Bakkila, Michelle Vivian},
  year={1996},
  school={Massachusetts institute of Technology}
}

@article{nightingale1998lean,
  title={Lean Aerospace Initiative: a successful model for industry, government, and university collaboration},
  author={Nightingale, Deborah Seifert},
  journal={IIE solutions},
  volume={30},
  number={11},
  pages={20--26},
  year={1998},
  publisher={Institute of Industrial Engineers, Inc.(IIE)}
}

@inproceedings{rebentisch2004lean,
  title={Lean systems engineering: Research initiatives in support of a new paradigm},
  author={Rebentisch, Eric and Rhodes, Donna H and Murman, Earll},
  booktitle={Conference of Systems Engineering Research, Cambridge, MA},
  year={2004},
  organization={Citeseer}
}

@techreport{endicott1999space,
  title={Space Launch Operations and the Lean Aerospace Initiative},
  author={Endicott, Troy L},
  year={1999},
  institution={DTIC Document}
}

@article{moy2013testing,
  title={Testing or formal verification: Do-178c alternatives and industrial experience},
  author={Moy, Yannick and Ledinot, Emmanuel and Delseny, Herv{\'e} and Wiels, Virginie and Monate, Benjamin},
  journal={Software, IEEE},
  volume={30},
  number={3},
  pages={50--57},
  year={2013},
  publisher={IEEE}
}

@book{habli2009model,
  title={Model-based assurance of safety-critical product lines},
  author={Habli, Ibrahim},
  year={2009},
  publisher={University of York}
}

@inproceedings{bowen1993formal,
  title={Formal methods in safety-critical standards},
  author={Bowen, Jonathan},
  booktitle={Software Engineering Standards Symposium, 1993. Proceedings., 1993},
  pages={168--177},
  year={1993},
  organization={IEEE}
}

@incollection{cawley2013lean,
  title={Lean software development--what exactly are we talking about?},
  author={Cawley, Ois{\'\i}n and Wang, Xiaofeng and Richardson, Ita},
  booktitle={Lean Enterprise Software and Systems},
  pages={16--31},
  year={2013},
  publisher={Springer}
}

@article{sheard2001evolution,
  title={Evolution of the frameworks quagmire},
  author={Sheard, Sarah A},
  journal={Computer},
  volume={34},
  number={7},
  pages={96--98},
  year={2001},
  publisher={IEEE}
}

@article{gray1999comparison,
  title={A Comparison of IEEE/EIA 12207, ISO/IEC 12207, J-STD-016, and MIL-STD-498 for Acquirers and Developers},
  author={Gray, Lewis},
  journal={Abelia Corporation, Fairfax, Virginia, USA},
  year={1999}
}

@article{tuohey2014lessons,
  title={Lessons from Practices and Standards in Safety-Critical and Regulated Sectors},
  author={Tuohey, William G},
  journal={Handbook of Research on Emerging Advancements and Technologies in Software Engineering},
  pages={369},
  year={2014},
  publisher={IGI Global}
}

@inproceedings{esposito2011investigation,
  title={Investigation on safety-related standards for critical systems},
  author={Esposito, Christian and Cotroneo, Domenico and Silva, Nuno},
  booktitle={Software Certification (WoSoCER), 2011 First International Workshop on},
  pages={49--54},
  year={2011},
  organization={IEEE}
}

@inproceedings{cleland2014achieving,
  title={Achieving lightweight trustworthy traceability},
  author={Cleland-Huang, Jane and Rahimi, Mona and M{\"a}der, Patrick},
  booktitle={Proceedings of the 22nd ACM SIGSOFT International Symposium on Foundations of Software Engineering},
  pages={849--852},
  year={2014},
  organization={ACM}
}

@article{balaji2012waterfall,
  title={Waterfall vs. V-Model vs. Agile: A comparative study on SDLC},
  author={Balaji, S and Murugaiyan, M Sundararajan},
  journal={International Journal of Information Technology and Business Management},
  volume={2},
  number={1},
  pages={26--30},
  year={2012}
}

@article{wang2011comparing,
  title={Comparing apples with oranges? The perceived differences between agile and lean software development processes.},
  author={Wang, Xiaofeng and Conboy, Kieran},
  year={2011}
}

@inproceedings{vanderleest2009escape,
  title={Escape the waterfall: Agile for aerospace},
  author={VanderLeest, Steven H and Buter, Andrew},
  booktitle={Digital Avionics Systems Conference, 2009. DASC'09. IEEE/AIAA 28th},
  pages={6--D},
  year={2009},
  organization={IEEE}
}

@article{boralliapplying,
  title={Applying Continuous Integration principles in safety-critical airborne software},
  author={Boralli, Andr{\'e} Barbieri and Fran{\c{c}}a, Ricardo Bedin}
}

@inproceedings{dubinsky2005agile,
  title={Agile metrics at the israeli air force},
  author={Dubinsky, Yael and Talby, David and Hazzan, Orit and Keren, Arie},
  booktitle={Agile Conference, 2005. Proceedings},
  pages={12--19},
  year={2005},
  organization={IEEE}
}

@inproceedings{chang2016agile,
  title={How Agile Development Can Transform Defense IT Acquisition},
  author={Chang, Su J and Messina, Angelo and Modigliani, Peter},
  booktitle={Proceedings of 4th International Conference in Software Engineering for Defence Applications},
  pages={13--26},
  year={2016},
  organization={Springer}
}

@article{lapham2011agile,
  title={Agile Methods: Selected DoD Management and Acquisition Concerns},
  author={Lapham, Mary Ann and Garcia-Miller, Suzanne and Nemeth-Adams, Lorraine and Brown, Nanette and Hackemack, Bart L and Hammons, Charles Bud and Levine, Linda and Schenker, Alfred R},
  year={2011}
}

@book{williams2001strategic,
  title={Strategic drivers in the aerospace sector},
  author={Williams, T and Maull, R and Ellis, B},
  year={2001},
  publisher={University of Exeter, School of Business and Economics}
}

@book{middleton2005lean,
  title={Lean software strategies: proven techniques for managers and developers},
  author={Middleton, Peter and Sutton, James},
  year={2005},
  publisher={Productivity Press}
}

@inproceedings{sutton1996lean,
  title={Lean software for the lean aircraft},
  author={Sutton, James M},
  booktitle={Digital Avionics Systems Conference, 1996., 15th AIAA/IEEE},
  pages={49--54},
  year={1996},
  organization={IEEE}
}

@article{conn2001avionics,
  title={Avionics Modernization and the C-130J Software Factory},
  author={Conn, Richard and Traub, Stephen and Chung, Steven},
  journal={Crosstalk—The Journal of Defense Software Engineering},
  volume={14},
  number={9},
  pages={19--23},
  year={2001}
}

@inproceedings{faulk1994experience,
  title={Experience applying the CoRE method to the Lockheed C-130J software requirements},
  author={Faulk, Stuart and Finneran, Lisa and Kirby Jr, James and Shah, Sudhir and Sutton, James},
  booktitle={Computer Assurance, 1994. COMPASS'94 Safety, Reliability, Fault Tolerance, Concurrency and Real Time, Security. Proceedings of the Ninth Annual Conference on},
  pages={3--8},
  year={1994},
  organization={IEEE}
}

@ONLINE{Bordin:2011:Online,
author = {Bordin, Matteo and Lambourg, jerome and Brosgol, Ben},
title = {The “Big Thaw” - An Agile Process for Software Certification {@ONLINE}},
month = sept,
year = {2011},
url = {http://www.embedded.com/design/
prototyping-and-development/4227764/2/
The "Big Thaw" - An Agile Process 
for Software Certification}
}

@ONLINE{Brogsol:2012:Online,
author = {Brogsol, Benjamin and Gicca, Greg},
title = {Trusting the tools: An agile approach to tool qualification for DO-178C {@ONLINE}},
month = mar,
year = {2012},
url = {http://www.embedded.com/design/
prototyping-and-development/4227764/2/
The "Big Thaw" - An Agile Process 
for Software Certification}
}

@book{rierson2013developing,
  title={Developing safety-critical software: a practical guide for aviation software and DO-178c compliance},
  author={Rierson, Leanna},
  year={2013},
  publisher={CRC Press}
}

@misc{safety.do330,
    author = {of RTCA, Special C.},
    citeulike-article-id = {10751059},
    institution = {Special Committee 205 of RTCA},
    keywords = {safety},
    posted-at = {2012-06-06 11:21:36},
    priority = {2},
    title = {{DO-330}, Software Tool Qualification Considerations},
    year = {2011}
}

@misc{safety.do178c,
    author = {of RTCA, Special C.},
    citeulike-article-id = {10751058},
    institution = {Special Committee 205 of RTCA},
    keywords = {safety},
    posted-at = {2012-06-06 11:21:34},
    priority = {2},
    title = {{DO-178C}, Software Considerations in Airborne Systems and Equipment Certification},
    year = {2011}
}

@article{abrahms2006terrorism,
  title={Why terrorism does not work},
  author={Abrahms, Max},
  journal={International Security},
  volume={31},
  number={2},
  pages={42--78},
  year={2006},
  publisher={MIT Press}
}

@book{sharpe2005remember,
  title={Remember, Remember: A Cultural History of Guy Fawkes Day},
  author={Sharpe, James Anthony},
  year={2005},
  publisher={Harvard University Press}
}

@incollection{smith1995zealots,
  title={Zealots and Sicarii, their origins and relation},
  author={Smith, Morton},
  booktitle={Studies in the Cult of Yahweh},
  pages={211--226},
  year={1995},
  publisher={Brill}
}

@book{daftary1994assassin,
  title={The Assassin legends: myths of the Isma'ilis},
  author={Daftary, Farhad},
  year={1994},
  publisher={IB Tauris}
}


@article{el2014terrorist,
  title={Terrorist or Freedom Fighter? The Arab Media Coverage of Terrorism or So-Called Terrorism},
  author={El-Nawawy, Mohammed},
  journal={Global Media Journal},
  volume={2004},
  year={2014},
  publisher={Research and Reviews}
}

@article{merari1993terrorism,
  title={Terrorism as a Strategy of Insurgency},
  author={Merari, Ariel},
  journal={Terrorism and political violence},
  volume={5},
  number={4},
  pages={213--251},
  year={1993},
  publisher={Taylor \& Francis}
}

@article{kennedy1999one,
  title={Is one person's terrorist another's freedom fighter? Western and Islamic approaches to ‘just war’compared},
  author={Kennedy, Robert},
  journal={Terrorism and Political Violence},
  volume={11},
  number={1},
  pages={1--21},
  year={1999},
  publisher={Taylor \& Francis}
}

@article{moscardino2007narratives,
  title={Narratives from caregivers of children surviving the terrorist attack in Beslan: Issues of health, culture, and resilience},
  author={Moscardino, Ughetta and Axia, Giovanna and Scrimin, Sara and Capello, Fabia},
  journal={Social Science \& Medicine},
  volume={64},
  number={8},
  pages={1776--1787},
  year={2007},
  publisher={Elsevier}
}

@article{stelter2008citizen,
  title={Citizen journalists provided glimpses of Mumbai attacks},
  author={Stelter, Brian and Cohen, Noam},
  journal={The New York Times},
  volume={30},
  year={2008}
}

@article{noboa2016violent,
  title={Violent Radicalization: An Impending Public Health Issue},
  author={Noboa, C and Labilles, U and Riddle, J and Beckles, W},
  year={2016}
}

@misc{brady2015better,
  title={Better Integrating American Intelligence Agencies and Products: Revising a Recurring Solution for a Recurring Problem},
  author={Brady, Kyle R},
  year={2015}
}



@misc{transparency2015corruption,
  title={Corruption perceptions index},
  author={Transparency International},
  year={2015}
}

@article{rosling2009gapminder,
  title={Gapminder},
  author={Rosling, Hans},
  journal={GapMinder Foundation http://www. gapminder. org},
  pages={91},
  year={2009}
}

@electronic{MarshallJaggers2007,
    author = {Marshall, Monty G. and Jaggers, Keith},
    citeulike-article-id = {6772436},
    citeulike-linkout-0 = {\#},
    posted-at = {2010-03-07 02:35:41},
    priority = {2},
    title = {{Polity IV Project: Dataset Users' Manual}},
    url = {www.systemicpeace.org/polity},
    year = {2007}
}

@article{chapman2000crisp,
  title={CRISP-DM 1.0 Step-by-step data mining guide},
  author={Chapman, Pete and Clinton, Julian and Kerber, Randy and Khabaza, Thomas and Reinartz, Thomas and Shearer, Colin and Wirth, Rudiger},
  year={2000}
}

@article{rosenfeld2014militant,
  title={Militant Democracy: The Legacy of West Germany’s War on Terror in the 1970s},
  author={Rosenfeld, Alan},
  journal={The European Legacy},
  volume={19},
  number={5},
  pages={568--589},
  year={2014},
  publisher={Taylor \& Francis}
}

@article{weinhauer2014terror,
  title={Terror and Democracy in West Germany},
  author={Weinhauer, Klaus},
  journal={German History},
  volume={32},
  number={3},
  pages={509--511},
  year={2014},
  publisher={Oxford University Press}
}

@book{hauser1997baader,
  title={Baader und Herold: Beschreibung eines Kampfes},
  author={Hauser, Dorothea},
  year={1997},
  publisher={Alexander Fest}
}

@book{weinhauer2006terrorismus,
  title={Terrorismus in der Bundesrepublik},
  author={Weinhauer, Klaus and Requate, J{\"o}rg and Haupt, Heinz-Gerhard},
  year={2006},
  publisher={Campus Verlag}
}

@article{de2010counter,
  title={Counter-narratives and the unrehearsed stories counter-terrorists unwittingly produce},
  author={De Graaf, Beatrice},
  journal={Perspectives on Terrorism},
  volume={3},
  number={2},
  year={2010}
}

@inproceedings{stanton2015mining,
  title={Mining for Causal Relationships: A Data-Driven Study of the Islamic State},
  author={Stanton, Andrew and Thart, Amanda and Jain, Ashish and Vyas, Priyank and Chatterjee, Arpan and Shakarian, Paulo},
  booktitle={Proceedings of the 21th ACM SIGKDD International Conference on Knowledge Discovery and Data Mining},
  pages={2137--2146},
  year={2015},
  organization={ACM}
}

@article{ruby2002definition,
  title={The definition of terrorism},
  author={Ruby, Charles L},
  journal={Analyses of social issues and public policy},
  volume={2},
  number={1},
  pages={9--14},
  year={2002},
  publisher={Wiley Online Library}
}

@article{pub1998pub,
  title={Pub 3-07.2},
  author={Pub, Joint},
  journal={Joint Tactics, Techniques, and Procedures for Antiterrorism},
  year={1998}
}

@article{chase2013defining,
  title={Defining Terrorism: A Strategic Imperative},
  author={Chase, Eric},
  journal={Small Wars Journal, January},
  volume={24},
  year={2013}
}

@article{team2015r,
  title={R: A language and environment for statistical computing [Internet]. Vienna, Austria: R Foundation for Statistical Computing; 2013},
  author={Team, R Core},
  journal={Document freely available on the internet at: http://www. r-project. org},
  year={2015}
}

@incollection{kuhn2015contributions,
  title={Contributions from Jed Wing and Steve Weston and Andre Williams and Chris Keefer and Allan Engelhardt and Tony Cooper and Zachary Mayer and Brenton Kenkel and the R Core Team and Michael Benesty and Reynald Lescarbeau and Andrew Ziem and Luca Scrucca., caret: Classification and Regression Training},
  author={Kuhn, M},
  booktitle={R Package Version 6.0--47},
  year={2015}
}

@incollection{wickham2016programming,
  title={Programming with ggplot2},
  author={Wickham, Hadley},
  booktitle={ggplot2},
  pages={241--253},
  year={2016},
  publisher={Springer}
}

@article{chabot2003tableau,
  title={Tableau Software},
  author={Chabot, Christian and Stolte, Chris and Hanrahan, Pat},
  journal={Tableau Software},
  year={2003}
}

@book{ferrari2016introducing,
  title={Introducing Microsoft Power BI},
  author={Ferrari, Alberto and Russo, Marco},
  year={2016},
  publisher={Microsoft Press}
}

@misc{husson2015r,
  title={R package FactoMineR: Multivariate exploratory data analysis and data 		mining},
  author={Husson, F and Josse, J and Le, S and Mazet, J},
  year={2015}
}

@article{maaten2008visualizing,
  title={Visualizing data using t-SNE},
  author={Maaten, Laurens van der and Hinton, Geoffrey},
  journal={Journal of Machine Learning Research},
  volume={9},
  number={Nov},
  pages={2579--2605},
  year={2008}
}

@article{wickham2015dplyr,
  title={dplyr: A grammar of data manipulation},
  author={Wickham, Hadley and Francois, Romain},
  journal={R package version 0.4},
  volume={1},
  pages={20},
  year={2015}
}

@Manual{datatableR,
    title = {data.table: Extension of Data.frame},
    author = {M Dowle and A Srinivasan and T Short and S Lianoglou with contributions from R Saporta and E Antonyan},
    year = {2015},
    note = {R package version 1.9.6},
    url = {https://CRAN.R-project.org/
    package=data.table},
  }

@Manual{rvestR,
    title = {rvest: Easily Harvest (Scrape) Web Pages},
    author = {Hadley Wickham},
    year = {2016},
    note = {R package version 0.3.2},
    url = {https://CRAN.R-project.org/package=rvest},
  }

@misc{van2014python,
  title={The python language reference. python software foundation},
  author={van Rossum, Guido and others},
  year={2014}
}

@article{mckinney2015pandas,
  title={pandas: a Python data analysis library},
  author={McKinney, Wes},
  journal={see http://pandas. pydata. org},
  year={2015}
}

@misc{oliphant2014numpy,
  title={NumPy: Open Source Scientific Tools for Python. Version 1.7},
  author={Oliphant, T and others},
  year={2014}
}

@article{buitinck2013api,
  title={API design for machine learning software: experiences from the scikit-learn project},
  author={Buitinck, Lars and Louppe, Gilles and Blondel, Mathieu and Pedregosa, Fabian and Mueller, Andreas and Grisel, Olivier and Niculae, Vlad and Prettenhofer, Peter and Gramfort, Alexandre and Grobler, Jaques and others},
  journal={arXiv preprint arXiv:1309.0238},
  year={2013}
}

@book{haslwanter2016introduction,
  title={An Introduction to Statistics with Python},
  author={Haslwanter, Thomas},
  year={2016},
  publisher={Springer}
}

@Manual{NuFADSTART,
    title = {The Nuclear Facilities Attack Database (NuFAD)},
    author = {START},
    year = {2016},
    note = {The Nuclear Facilities Attack Database (NuFAD),www.start.umd.edu},
    url = {https://www.start.umd.edu/sites/default/
    files/files/NFADVarDefMar2016.pdf},
  }

@article{leighton2014strange,
  title={Strange Bedfellows: The Stasi and the Terrorists},
  author={Leighton, Marian K},
  journal={International Journal of Intelligence and CounterIntelligence},
  volume={27},
  number={4},
  pages={647--665},
  year={2014},
  publisher={Taylor \& Francis}
}

@book{husson2010exploratory,
  title={Exploratory multivariate analysis by example using R},
  author={Husson, Fran{\c{c}}ois and L{\^e}, S{\'e}bastien and Pag{\`e}s, J{\'e}r{\^o}me},
  year={2010},
  publisher={CRC press}
}

@book{myatt2007making,
  title={Making sense of data: a practical guide to exploratory data analysis and data mining},
  author={Myatt, Glenn J},
  year={2007},
  publisher={John Wiley \& Sons}
}

@article{breiman2001random,
  title={Random forests},
  author={Breiman, Leo},
  journal={Machine learning},
  volume={45},
  number={1},
  pages={5--32},
  year={2001},
  publisher={Springer}
}

@article{friedman2001greedy,
  title={Greedy function approximation: a gradient boosting machine},
  author={Friedman, Jerome H},
  journal={Annals of statistics},
  pages={1189--1232},
  year={2001},
  publisher={JSTOR}
}

@article{steinberg2009cart,
  title={CART: classification and regression trees},
  author={Steinberg, Dan and Colla, Phillip},
  journal={The Top Ten Algorithms in Data Mining},
  volume={9},
  pages={179},
  year={2009},
  publisher={CRC Press}
}

@article{jain2010data,
  title={Data clustering: 50 years beyond K-means},
  author={Jain, Anil K},
  journal={Pattern recognition letters},
  volume={31},
  number={8},
  pages={651--666},
  year={2010},
  publisher={Elsevier}
}

@article{tufte2006beautiful,
  title={Beautiful evidence},
  author={Tufte, Edward R},
  journal={New York},
  year={2006}
}

@article{scott2011social,
  title={Social network analysis: developments, advances, and prospects},
  author={Scott, John},
  journal={Social network analysis and mining},
  volume={1},
  number={1},
  pages={21--26},
  year={2011},
  publisher={Springer}
}

@article{hodge2004survey,
  title={A survey of outlier detection methodologies},
  author={Hodge, Victoria J and Austin, Jim},
  journal={Artificial intelligence review},
  volume={22},
  number={2},
  pages={85--126},
  year={2004},
  publisher={Springer}
}

@book{ledolter2013data,
  title={Data mining and business analytics with R},
  author={Ledolter, Johannes},
  year={2013},
  publisher={John Wiley \& Sons}
}

@book{nacos2016terrorism,
  title={Terrorism and counterterrorism},
  author={Nacos, Brigitte L},
  year={2016},
  publisher={Routledge}
}

@book{warren2008terrorism,
  title={Terrorism and the Internet},
  author={Warren, MJ},
  volume={75},
  year={2008},
  publisher={Information Science Reference London}
}

@book{gareau2004state,
  title={State terrorism and the United States: from counterinsurgency to the war on terrorism},
  author={Gareau, Frederick Henry},
  year={2004},
  publisher={Zed Books}
}
 
@book{jackson2009contemporary,
  title={Contemporary state terrorism: Theory and practice},
  author={Jackson, Richard and Murphy, Eamon and Poynting, Scott},
  year={2009},
  publisher={Routledge}
}

@book{eid2014exchanging,
  title={Exchanging Terrorism Oxygen for Media Airwaves: The Age of Terroredia: The Age of Terroredia},
  author={Eid, Mahmoud},
  year={2014},
  publisher={IGI Global}
}

@techreport{morgan2004origins,
  title={The origins of the new terrorism},
  author={Morgan, Matthew J},
  year={2004},
  institution={DTIC Document}
}

@article{burke2004qaeda,
  title={Al Qaeda},
  author={Burke, Jason},
  journal={Foreign Policy},
  pages={18--26},
  year={2004},
  publisher={JSTOR}
}

@inproceedings{lutz2009successful,
  title={How successful is terrorism?},
  author={Lutz, James M and Lutz, Brenda J},
  booktitle={Forum on Public Policy},
  volume={11},
  year={2009}
}

@article{pratt2015terrorism,
  title={Terrorism and religious fundamentalism: Prospects for a predictive paradigm},
  author={Pratt, Douglas},
  journal={Marburg Journal of Religion},
  volume={11},
  number={1},
  year={2015}
}

@incollection{primoratz2004state,
  title={State terrorism and counter-terrorism},
  author={Primoratz, Igor},
  booktitle={Terrorism},
  year={2004},
  publisher={Springer}
}

@book{koonings1999societies,
  title={Societies of fear: the legacy of civil war, violence and terror in Latin America},
  author={Koonings, Kees and Krujit, Dirk},
  year={1999},
  publisher={Zed Books}
}

@book{iyad1981my,
  title={My home, my land: a narrative of the Palestinian struggle},
  author={Iy{\=a}d, Ab{\=u} and Rouleau, Eric},
  year={1981},
  publisher={Times Books (NY)}
}

@article{gibbs1989conceptualization,
  title={Conceptualization of terrorism},
  author={Gibbs, Jack P},
  journal={American Sociological Review},
  pages={329--340},
  year={1989},
  publisher={JSTOR}
}

@book{blakeley2009state,
  title={State terrorism and neoliberalism: The north in the south},
  author={Blakeley, Ruth},
  year={2009},
  publisher={Routledge}
}

@article{wickham1990terror,
  title={Terror and guerrilla warfare in Latin America, 1956--1970},
  author={Wickham-Crowley, Timothy P},
  journal={Comparative Studies in Society and History},
  volume={32},
  number={02},
  pages={201--237},
  year={1990},
  publisher={Cambridge Univ Press}
}

@article{ganor2002defining,
  title={Defining terrorism: Is one man's terrorist another man's freedom fighter?},
  author={Ganor, Boaz},
  journal={Police Practice and Research},
  volume={3},
  number={4},
  pages={287--304},
  year={2002},
  publisher={Taylor \& Francis}
}

@techreport{jenkins1985international,
  title={International terrorism: The other world war},
  author={Jenkins, Brian M},
  year={1985},
  institution={DTIC Document}
}

@techreport{marks2002colombian,
  title={Colombian army adaptation to FARC insurgency},
  author={Marks, Thomas},
  year={2002},
  institution={DTIC Document}
}

@article{sandler2008economic,
  title={Economic consequences of terrorism in developed and developing countries},
  author={Sandler, Todd and Enders, Walter},
  journal={Terrorism, economic development, and political openness},
  volume={17},
  year={2008}
}

@article{ito2005assessing,
  title={Assessing the impact of the September 11 terrorist attacks on US airline demand},
  author={Ito, Harumi and Lee, Darin},
  journal={Journal of Economics and Business},
  volume={57},
  number={1},
  pages={75--95},
  year={2005},
  publisher={Elsevier}
}

@misc{TerrorismTypes2016,
  title = {Goals and Motivations of Terrorists},
  author = {terrorism-research},
  howpublished = {\url{http://www.terrorism-research.com/goals/}},
  note = {Accessed: 2016-10-15}
  
}

@inproceedings{cronin2004foreign,
  title={Foreign terrorist organizations},
  author={Cronin, Audrey K and Aden, Huda and Frost, Adam and Jones, Benjamin},
  year={2004},
  organization={DTIC Document}
}

@book{dershowitz2002terrorism,
  title={Why terrorism works: Understanding the threat, responding to the challenge},
  author={Dershowitz, Alan M},
  year={2002},
  publisher={Yale University Press}
}

@article{atran2004trends,
  title={Trends in suicide terrorism: Sense and nonsense},
  author={Atran, Scott},
  journal={World Federation of Scientists Permanent Monitoring Panel on terrorism, Erice, Sicily},
  volume={204},
  year={2004}
}

@article{rose2007does,
  title={Does terrorism ever work? The 2004 Madrid train bombings},
  author={Rose, William and Murphy, Rysia and Abrahms, Max},
  journal={International Security},
  volume={32},
  number={1},
  pages={185--192},
  year={2007},
  publisher={MIT Press}
}

@article{crenshaw1981causes,
  title={The causes of terrorism},
  author={Crenshaw, Martha},
  journal={Comparative politics},
  volume={13},
  number={4},
  pages={379--399},
  year={1981},
  publisher={JSTOR}
}

@book{bennett2007understanding,
  title={Understanding, assessing, and responding to terrorism: Protecting critical infrastructure and personnel},
  author={Bennett, Brian T},
  year={2007},
  publisher={John Wiley \& Sons}
}

@article{gleick2006water,
  title={Water and terrorism},
  author={Gleick, Peter H},
  journal={Water policy},
  volume={8},
  number={6},
  pages={481--503},
  year={2006},
  publisher={IWA Publishing}
}

@article{johns2008identification,
  title={Identification of homemade inorganic explosives by ion chromatographic analysis of post-blast residues},
  author={Johns, Cameron and Shellie, Robert A and Potter, Oscar G and O’Reilly, John W and Hutchinson, Joseph P and Guijt, Rosanne M and Breadmore, Michael C and Hilder, Emily F and Dicinoski, Greg W and Haddad, Paul R},
  journal={Journal of Chromatography A},
  volume={1182},
  number={2},
  pages={205--214},
  year={2008},
  publisher={Elsevier}
}

@article{royds2005case,
  title={A case study in forensic chemistry: the Bali bombings},
  author={Royds, David and Lewis, Simon W and Taylor, Amelia M},
  journal={Talanta},
  volume={67},
  number={2},
  pages={262--268},
  year={2005},
  publisher={Elsevier}
}

@article{kopp2008technology,
  title={Technology of improvised explosive devices},
  author={Kopp, Carlo},
  journal={Defence Today},
  volume={4649},
  pages={46--49},
  year={2008}
}

@article{halberstam1988terrorism,
  title={Terrorism on the high seas: the Achille Lauro, piracy and the IMO convention on maritime safety},
  author={Halberstam, Malvina},
  journal={American Journal of International Law},
  pages={269--310},
  year={1988},
  publisher={JSTOR}
}

@book{nagl2008us,
  title={The US Army/Marine Corps Counterinsurgency Field Manual},
  author={Nagl, John A and Amos, James F and Sewall, Sarah and Petraeus, David H and others},
  year={2008},
  publisher={University of Chicago Press}
}

@book{moeller2009packaging,
  title={Packaging terrorism: Co-opting the news for politics and profit},
  author={Moeller, Susan},
  year={2009},
  publisher={John Wiley \& Sons}
}

@article{bobbitt2008terror,
  title={Terror and Consent, Wars for the 21st Century},
  author={Bobbitt, Philip},
  journal={Allen Lane, London},
  year={2008}
}

@article{gates2009balanced,
  title={A balanced strategy: Reprogramming the Pentagon for a new age},
  author={Gates, Robert M},
  journal={Foreign Affairs},
  pages={28--40},
  year={2009},
  publisher={JSTOR}
}

@article{gazette1989changing,
  title={The Changing Face of War: Into the Fourth Generation William S. Lind, Colonel Keith Nightengale (USA), Captain John F. Schmitt (USMC), Colonel Joseph W. Sutton (USA), and Lieutenant Colonel Gary I. Wilson (USMCR)},
  author={Gazette, Marine Corps},
  journal={Marine Corps Gazette},
  pages={22--26},
  year={1989}
}

@book{hamilton1998art,
  title={The art of insurgency: American military policy and the failure of strategy in Southeast Asia},
  author={Hamilton, Donald W},
  year={1998},
  publisher={Greenwood Publishing Group}
}

@book{thompson1966defeating,
  title={Defeating communist insurgency: The lessons of Malaya and Vietnam},
  author={Thompson, Robert Grainger Ker},
  number={10},
  year={1966},
  publisher={FA Praeger}
}

@article{lafree2009impact,
  title={The impact of British counterterrorist strategies on political violence in Northern Ireland: Comparing deterrence and backlash models},
  author={LaFree, Gary and Dugan, Laura and Korte, Raven},
  journal={Criminology},
  volume={47},
  number={1},
  pages={17--45},
  year={2009},
  publisher={Wiley Online Library}
}

@book{hillyard1993suspect,
  title={Suspect community: people's experience of the Prevention of Terrorism Acts in Britain},
  author={Hillyard, Paddy},
  year={1993},
  publisher={Pluto Pr}
}

@article{pantazis2009old,
  title={From the ‘old’to the ‘new’suspect community examining the impacts of recent UK counter-terrorist legislation},
  author={Pantazis, Christina and Pemberton, Simon},
  journal={British Journal of Criminology},
  volume={49},
  number={5},
  pages={646--666},
  year={2009},
  publisher={CCJS}
}

@book{jarvis2014critical,
  title={Critical Perspectives on Counter-terrorism},
  author={Jarvis, Lee and Lister, Michael},
  year={2014},
  publisher={Routledge}
}

@article{abuza2003funding,
  title={Funding terrorism in Southeast Asia: the financial network of Al Qaeda and Jemaah Islamiya},
  author={Abuza, Zachary},
  journal={Contemporary Southeast Asia},
  pages={169--199},
  year={2003},
  publisher={JSTOR}
}

@misc{ColombiaRightWingTerror,
  title = {Colombia’s Right-Wing Terror},
  author = {Kieran Duffy},
  howpublished = {\url{https://www.jacobinmag.com/2016/05/colombia-peace-farc-urabenos-santos-uribe-up/}},
  note = {Accessed: 2016-10-22}
  
}

@article{peceny2006farc,
  title={The FARC's best friend: US antidrug policies and the deepening of Colombia's civil war in the 1990s},
  author={Peceny, Mark and Durnan, Michael},
  journal={Latin American politics and society},
  volume={48},
  number={2},
  pages={95--116},
  year={2006},
  publisher={Wiley Online Library}
}

@article{roberts2002counter,
  title={Counter-terrorism, armed force and the laws of war},
  author={Roberts, Adam},
  journal={Survival},
  volume={44},
  number={1},
  pages={7--32},
  year={2002},
  publisher={Taylor \& Francis}
}

@article{graham2009urban,
  title={The urban ‘battlespace’},
  author={Graham, Stephen},
  journal={Theory, Culture \& Society},
  volume={26},
  number={7-8},
  pages={278--288},
  year={2009},
  publisher={Sage Publications}
}

@misc{ColombiaAUCFARC,
  title = {The FARC’s biggest fear: Colombia’s paramilitary groups},
  author = {Adriaan Alsema},
  howpublished = {\url{http://colombiareports.com/the-farcs-biggest-fear-colombias-paramilitary-groups/}},
  note = {Accessed: 2016-10-22}  
}

@book{jackson2005writing,
  title={Writing the war on terrorism: Language, politics and counter-terrorism},
  author={Jackson, Richard},
  year={2005},
  publisher={Manchester University Press}
}

@article{jamwal2003counter,
  title={Counter terrorism strategy},
  author={Jamwal, NS},
  journal={Strategic Analysis},
  volume={27},
  number={1},
  pages={56--78},
  year={2003},
  publisher={Taylor \& Francis}
}

@article{calahan1995countering,
  title={Countering terrorism: The Israeli response to the 1972 Munich Olympic Massacre and the development of independent covert action teams},
  author={Calahan, Alexander B},
  journal={The Marine Corps Command and Staff College},
  year={1995}
}

@article{conetta2002strange,
  title={Strange victory: a critical appraisal of operation enduring freedom and Afghanistan war},
  author={Conetta, Carl},
  journal={Afghan Digital Libraries},
  year={2002}
}

@article{zwerman2000disappearing,
  title={Disappearing social movements: Clandestinity in the cycle of New Left protest in the US, Japan, Germany, and Italy},
  author={Zwerman, Gilda and Steinhoff, Patricia and Porta, Donatella},
  journal={Mobilization: An International Quarterly},
  volume={5},
  number={1},
  pages={85--104},
  year={2000},
  publisher={Hank Johnston, Ph. D for the publication Mobilization}
}

@article{ronchey1979guns,
  title={Guns and gray matter: terrorism in Italy},
  author={Ronchey, Alberto},
  journal={Foreign Affairs},
  volume={57},
  number={4},
  pages={921--940},
  year={1979},
  publisher={JSTOR}
}

@article{kydd2006strategies,
  title={The strategies of terrorism},
  author={Kydd, Andrew H and Walter, Barbara F},
  journal={International Security},
  volume={31},
  number={1},
  pages={49--80},
  year={2006},
  publisher={MIT Press}
}

@phdthesis{maldonado2015leading,
  title={Leading and Learning: Understanding and Reducing Intelligence Leadership Failures},
  author={Maldonado, Desirae Elyse},
  year={2015}
}

@book{haykal1983autumn,
  title={Autumn of fury: the assassination of Sadat},
  author={Haykal, Muḥammad Ḥasanayn},
  year={1983},
  publisher={Random House (NY)}
}

@article{wolf2003assassination,
  title={The Assassination of Ahmad Shah Massoud},
  author={Wolf, Paul},
  journal={Pincourt, QC: Center for Research on Globalization},
  year={2003}
}

@article{rashid2001fires,
  title={The fires of faith in Central Asia},
  author={Rashid, Ahmed},
  journal={World Policy Journal},
  volume={18},
  number={1},
  pages={45--55},
  year={2001},
  publisher={JSTOR}
}

@article{drake1998role,
  title={The role of ideology in terrorists’ target selection},
  author={Drake, Charles JM},
  journal={Terrorism and Political Violence},
  volume={10},
  number={2},
  pages={53--85},
  year={1998},
  publisher={Taylor \& Francis}
}

@TechReport{Golandsky2016,
author = {Golandsky, Yoram and Dombe, Ami Rokes},
title = {A review and analysis of the world of cyber terrorism},
institution = {CybeRisk},
year = {2016},
OPTmonth = {April}
}

@misc{Cybersecurity2016Perez,
  title = {U.S. official blames Russia for power grid attack in Ukraine},
  author = {Evan Perez},
  publisher = {CNN},
  year={2016},
  howpublished = {\url{http://edition.cnn.com/ 2016/ 02/ 11/ politics/ ukraine-power-grid-attack-russia-us/}},
  note = {Accessed: 2016-10-23}  
}

@article{durrand2014pre,
  title={Pre-habilitation (i): aggregation of marginal gains},
  author={Durrand, JW and Batterham, AM and Danjoux, GR},
  journal={Anaesthesia},
  volume={69},
  number={5},
  pages={403--406},
  year={2014},
  publisher={Wiley Online Library}
}

@book{zureik2010surveillance,
  title={Surveillance and control in Israel/Palestine: Population, territory and power},
  author={Zureik, Elia and Lyon, David and Abu-Laban, Yasmeen},
  year={2010},
  publisher={Routledge}
}


@misc{Israelcounterterrorismlesson,
  title = {Israel’s Counterterrorism Lessons for Europe},
  author = {RON Proser},
  year={2016},
  howpublished = {\url{http://www.wsj.com/articles/israels-counterterrorism-lessons-for-europe-1468870438}},
  note = {Accessed: 2016-10-27}
 }
 
@misc{Israelcounterterrorismlessonfrance,
  title = {Report: Israel bias suspected behind axed tech deal that could have flagged Paris attackers},
  author = {JPOST.COM},
  Year={2016},
  howpublished = {\url{http:// www.jpost.com/ Israel-News/ Report-Anti-Israel-views-suspected-in-nixed-terror-tech-deal-before-Paris-attacks-452360}},
  note = {Accessed: 2016-10-27}
 }
 
 @article{gordon2011israel,
  title={Israel’s emergence as a homeland security capital},
  author={Gordon, Neve},
  journal={Surveillance and Control in Israel/Palestine: Population, Territory and Power},
  pages={134--153},
  year={2011}
}

@book{sterling1981terror,
  title={The terror network: the secret war of international terrorism},
  author={Sterling, Claire},
  year={1981},
  publisher={Weidenfeld and Nicolson}
}

@article{krebs2002mapping,
  title={Mapping networks of terrorist cells},
  author={Krebs, Valdis E},
  journal={Connections},
  volume={24},
  number={3},
  pages={43--52},
  year={2002}
}

@article{krebs2002uncloaking,
  title={Uncloaking terrorist networks},
  author={Krebs, Valdis},
  journal={First Monday},
  volume={7},
  number={4},
  year={2002}
}

@book{sageman2004understanding,
  title={Understanding terror networks},
  author={Sageman, Marc},
  year={2004},
  publisher={University of Pennsylvania Press}
}

@article{koschade2006social,
  title={A social network analysis of Jemaah Islamiyah: The applications to counterterrorism and intelligence},
  author={Koschade, Stuart},
  journal={Studies in Conflict \& Terrorism},
  volume={29},
  number={6},
  pages={559--575},
  year={2006},
  publisher={Taylor \& Francis}
}

@article{jackson2006groups,
  title={Groups, networks, or movements: a command-and-control-driven approach to classifying terrorist organizations and its application to Al Qaeda},
  author={Jackson, Brian A},
  journal={Studies in Conflict \& Terrorism},
  volume={29},
  number={3},
  pages={241--262},
  year={2006},
  publisher={Taylor \& Francis}
}

@book{sageman2011leaderless,
  title={Leaderless jihad: Terror networks in the twenty-first century},
  author={Sageman, Marc},
  year={2011},
  publisher={University of Pennsylvania Press}
}

@inproceedings{brown2004spatial,
  title={Spatial forecast methods for terrorist events in urban environments},
  author={Brown, Donald and Dalton, Jason and Hoyle, Heidi},
  booktitle={International Conference on Intelligence and Security Informatics},
  pages={426--435},
  year={2004},
  organization={Springer}
}

@inproceedings{nath2006crime,
  title={Crime pattern detection using data mining},
  author={Nath, Shyam Varan},
  booktitle={Web Intelligence and Intelligent Agent Technology Workshops, 2006. WI-IAT 2006 Workshops. 2006 IEEE/WIC/ACM International Conference on},
  pages={41--44},
  year={2006},
  organization={IEEE}
}

@misc{Israeltwitterhack,
  title = {Hackers declare 'nuclear leak' on Israeli Twitter account},
  author = {Williams, Dan},
  Year={2014},
  howpublished = {\url{http://www.reuters.com/article/us-cybersecurity-israel-idUSKBN0F91G520140704}},
  note = {Accessed: 2016-10-31}
 }

@article{tucker2003strategies,
  title={Strategies for countering terrorism: Lessons from the Israeli experience},
  author={Tucker, Jonathan B},
  journal={Journal of Homeland Security},
  year={2003}
}

@article{hegghammer2006terrorist,
  title={Terrorist recruitment and radicalization in Saudi Arabia},
  author={Hegghammer, Thomas},
  journal={Middle East Policy},
  volume={13},
  number={4},
  pages={39},
  year={2006},
  publisher={Blackwell Publishing Ltd}
}

@book{morselli2009inside,
  title={Inside criminal networks},
  author={Morselli, Carlo},
  publisher={Springer}
}

@inproceedings{joffres2011strategies,
  title={Strategies to disrupt online child pornography networks},
  author={Joffres, Kila and Bouchard, Martin and Frank, Richard and Westlake, Bryce},
  booktitle={Intelligence and Security Informatics Conference (EISIC), 2011 European},
  pages={163--170},
  year={2011},
  organization={IEEE}
}

@inproceedings{allanach2004detecting,
  title={Detecting, tracking, and counteracting terrorist networks via hidden Markov models},
  author={Allanach, Jeffrey and Tu, Haiying and Singh, Satnam and Willett, Peter and Pattipati, Krishna},
  booktitle={Aerospace Conference, 2004. Proceedings. 2004 IEEE},
  volume={5},
  year={2004},
  organization={IEEE}
}

@article{raghavan2016tracking,
  title={Tracking Changes in Resilience and Level of Coordination in Terrorist Groups},
  author={Raghavan, Vasanthan and Tartakovsky, Alexander G},
  journal={arXiv preprint arXiv:1604.02051},
  year={2016}
}

@article{enders1993effectiveness,
  title={The Effectiveness of Antiterrorism Policies: A Vector-Autoregression-Intervention Analysis.},
  author={Enders, Walter and Sandler, Todd},
  journal={American Political Science Review},
  volume={87},
  number={04},
  pages={829--844},
  year={1993},
  publisher={Cambridge Univ Press}
}

@misc{NSAAtlanticWire2013,
  title = {The NSA’s Best Defense of PRISM Didn't Even Last a Week},
  author = { Ohlheiser, Abby},
  Year={2013},
  howpublished = {\url{, http://www.thewire.com/national/2013/06/nsas-only-terroristdefense-prism-didnt-even-last-week/66143/}},
  note = {Accessed: 2016-11-05}
 }


@book{garrow2015fbi,
  title={The FBI and Martin Luther King, Jr.: From" Solo" to Memphis},
  author={Garrow, David J},
  year={2015},
  publisher={Open Road Media}
}

@article{sales2014domesticating,
  title={Domesticating Programmatic Surveillance: Some Thoughts on the NSA Controversy},
  author={Sales, Nathan Alexander},
  journal={ISJLP},
  volume={10},
  pages={523},
  year={2014},
  publisher={HeinOnline}
}

@article{bignami2007european,
  title={European versus American liberty: a comparative privacy analysis of anti-terrorism data-mining},
  author={Bignami, Francesca},
  journal={Boston College Law Review},
  volume={48},
  pages={609},
  year={2007}
}

@inproceedings{soklakova2016technological,
  title={Technological Culture of Big Data},
  author={Soklakova, Tetiana and Iemelianov, Igor and Amer, Tamer Bani and Hahanov, Ivan},
  booktitle={2016 13th International Conference on Modern Problems of Radio Engineering, Telecommunications and Computer Science (TCSET)},
  pages={549--552},
  year={2016},
  organization={IEEE}
}

@article{spear2015secure,
  title={SECURE FLIGHT PROGRAM AIRLINE PASSENGER SCREENING EFFORTS},
  author={SPEAR, HELLEN E},
  year={2015},
  publisher={Nova Science Publishers}
}

@article{jizba2015analysis,
  title={Analysis of screening checkpoint operations for transatlantic container transportation},
  author={Jizba, Michal and Cheu, Ruey Long and Horak, Tomas and Binova, Helena},
  journal={Journal of Transportation Security},
  volume={8},
  number={3-4},
  pages={79--97},
  year={2015},
  publisher={Springer}
}

@book{jonas2006effective,
  title={Effective counterterrorism and the limited role of predictive data mining},
  author={Jonas, Jeff and Harper, Jim},
  year={2006},
  publisher={Cato Institute}
}

@inproceedings{jensen2003information,
  title={Information awareness: A prospective technical assessment},
  author={Jensen, David and Rattigan, Matthew and Blau, Hannah},
  booktitle={Proceedings of the ninth ACM SIGKDD international conference on Knowledge discovery and data mining},
  pages={378--387},
  year={2003},
  organization={ACM}
}

@misc{SASClassimbalance2015,
  title = {A Case Study: Improve Classification of Rare Events with SAS® Enterprise
Miner},
  author = { Wang, Ruizhe and Novik, Lee},
  Year={2015},
  howpublished = {\url{, https://support.sas.com/resources/papers/proceedings15/3282-2015.pdf}},
  note = {Accessed: 2016-11-05}
 } 
 
@article{roche2015intelligence,
  title={The intelligence gap: What the multinational enterprise can learn from government and military intelligence organizations},
  author={Roche, Edward Mozley and Blaine, Michael James},
  journal={Thunderbird International Business Review},
  volume={57},
  number={1},
  pages={3--13},
  year={2015},
  publisher={Wiley Online Library}
}

@article{deibel2016nsa,
  title={NSA DATA COLLECTION PROGRAM: THE CHALLENGE OF ASSESING EFFECTIVENESS},
  author={DEIBEL, CHARLES LOUIS and others},
  year={2016},
  publisher={The University of Arizona.}
}

@techreport{mooney2002relational,
  title={Relational data mining with inductive logic programming for link discovery},
  author={Mooney, Raymond J and Melville, Prem and Tang, Lappoon R and Shavlik, Jude and Castro Dutro, Ines de and Page, David and Costa, Vitor S},
  year={2002},
  institution={DTIC Document}
}

@article{thuraisingham2004data,
  title={Data mining for counter-terrorism},
  author={Thuraisingham, Bhavani},
  journal={Data Mining: Next Generation Challenges and Future Directions},
  pages={157--183},
  year={2004}
}

@article{bar1980base,
  title={The base-rate fallacy in probability judgments},
  author={Bar-Hillel, Maya},
  journal={Acta Psychologica},
  volume={44},
  number={3},
  pages={211--233},
  year={1980},
  publisher={Elsevier}
}

@article{axelsson2000base,
  title={The base-rate fallacy and the difficulty of intrusion detection},
  author={Axelsson, Stefan},
  journal={ACM Transactions on Information and System Security (TISSEC)},
  volume={3},
  number={3},
  pages={186--205},
  year={2000},
  publisher={ACM}
}

@book{schneier2015data,
  title={Data and Goliath: The hidden battles to collect your data and control your world},
  author={Schneier, Bruce},
  year={2015},
  publisher={WW Norton \& Company}
}

@misc{Masssurvelilancefail2015,
  title = {Why Mass Surveillance Can't, Won't, And Never Has Stopped A Terrorist},
  author = { Wang, Ruizhe and Novik, Lee},
  Year={2015},
  howpublished = {\url{, http://digg.com/2015/why-mass-surveillance-cant-wont-and-never-has-stopped-a-terrorist}},
  note = {Accessed: 2016-12-11}
 }
 
@article{ackerman2016speaking,
  title={Speaking Truth to Sources: Introducing a Method for the Quantitative Evaluation of Open Sources in Event Data},
  author={Ackerman, Gary A and Pinson, Lauren E},
  journal={Studies in Conflict \& Terrorism},
  year={2016},
  publisher={Taylor \& Francis}
}

@book{parkin2012developing,
  title={Developing theoretical propositions of far-right ideological victimization},
  author={Parkin, William S},
  year={2012}
}

@inproceedings{dugan2006first,
  title={A first look at domestic and international global terrorism events, 1970--1997},
  author={Dugan, Laura and LaFree, Gary and Fogg, Heather},
  booktitle={International Conference on Intelligence and Security Informatics},
  pages={407--419},
  year={2006},
  organization={Springer}
}

@article{mickolus2013iterate,
  title={ITERATE International Terrorism: Attributes of Terrorist Events},
  author={Mickolus, Edward F and Flemming, Peter A},
  year={2013}
}

@article{lafree2007introducing,
  title={Introducing the global terrorism database},
  author={LaFree, Gary and Dugan, Laura},
  journal={Terrorism and Political Violence},
  volume={19},
  number={2},
  pages={181--204},
  year={2007},
  publisher={Taylor \& Francis}
}

@article{lafree2010global,
  title={The global terrorism database: Accomplishments and challenges},
  author={LaFree, Gary},
  journal={Perspectives on Terrorism},
  volume={4},
  number={1},
  year={2010}
}

@book{lafree2011building,
  title={Building a global terrorism database},
  author={LaFree, Gary},
  year={2011},
  publisher={DIANE Publishing}
}

@article{ben2016pattern,
  title={Pattern Recognition Approach in Multidimensional Databases: Application to the Global Terrorism Database},
  author={Ben Salem, Semeh and Naouali, Sami},
  journal={INTERNATIONAL JOURNAL OF ADVANCED COMPUTER SCIENCE AND APPLICATIONS},
  volume={7},
  number={8},
  pages={280--286},
  year={2016},
  publisher={SCIENCE \& INFORMATION SAI ORGANIZATION LTD 19 BOLLING RD, BRADFORD, WEST YORKSHIRE, 00000, ENGLAND}
}

@incollection{lafree2012generating,
  title={Generating terrorism event databases: Results from the global terrorism database, 1970 to 2008},
  author={LaFree, Gary},
  booktitle={Evidence-based counterterrorism policy},
  pages={41--64},
  year={2012},
  publisher={Springer}
}

@article{silke2001devil,
  title={The devil you know: Continuing problems with research on terrorism},
  author={Silke, Andrew},
  journal={Terrorism and political violence},
  volume={13},
  number={4},
  pages={1--14},
  year={2001},
  publisher={Taylor \& Francis}
}

@article{lum2006counter,
  title={Are counter-terrorism strategies effective? The results of the Campbell systematic review on counter-terrorism evaluation research},
  author={Lum, Cynthia and Kennedy, Leslie W and Sherley, Alison},
  journal={Journal of Experimental Criminology},
  volume={2},
  number={4},
  pages={489--516},
  year={2006},
  publisher={Springer}
}

@book{bresler1992interpol,
  title={Interpol},
  author={Bresler, Fenton S},
  year={1992},
  publisher={Vintage}
}

@book{united2013global,
  title={Global study on homicide 2013: trends, contexts, data},
  author={United Nations Office on Drugs and Crime},
  year={2013}
}

@misc{Homeoffice2016,
  title = {Counter terrorism statistics},
  author = { British Home Office},
  Year={2016},
  howpublished = {\url{, https://www.gov.uk/government/collections/counter-terrorism-statistics}},
  note = {Accessed: 2016-16-11}
}

@misc{fivethirtyeightGTD2015,
  title = {Counter terrorism statistics},
  author = { fivethirtyeight.com},
  Year={2015},
  howpublished = {\url{, http://fivethirtyeight.com/features/the-paris-attacks-are-just-a-few-of-125000-entries-in-the-global-terrorism-database/}},
  note = {Accessed: 2016-16-11}
 }

@misc{startGTD2016,
  title = {START, The study of terrorism and responses to terrorism},
  author = { start.umd.edu},
  Year={2016},
  howpublished = {\url{, http://www.start.umd.edu/}},
  note = {Accessed: 2016-16-11}
 }
 
@article {GPOL:GPOL142,
author = {Gaibulloev, Khusrav and Sandler, Todd and Santifort, Charlinda},
title = {Assessing the Evolving Threat of Terrorism},
journal = {Global Policy},
volume = {3},
number = {2},
publisher = {Blackwell Publishing Ltd},
issn = {1758-5899},
url = {http://dx.doi.org/10.1111/j.1758-5899.2011.00142.x},
doi = {10.1111/j.1758-5899.2011.00142.x},
pages = {135--144},
year = {2012},
}

@article{sandler2013analytical,
  title={The analytical study of terrorism Taking stock},
  author={Sandler, Todd},
  journal={Journal of Peace Research},
  pages={0022343313491277},
  year={2013},
  publisher={Sage Publications}
}

@book{enders2011political,
  title={The political economy of terrorism},
  author={Enders, Walter and Sandler, Todd},
  year={2011},
  publisher={Cambridge University Press}
}

@book{shmueli2016data,
  title={Data Mining for Business Analytics: Concepts, Techniques, and Applications in XLMiner},
  author={Shmueli, Galit and Patel, Nitin R and Bruce, Peter C},
  year={2016},
  publisher={John Wiley \& Sons}
}

@article{chau2015intelligence,
  title={Intelligence and Security Informatics: Pacific Asia Workshop, PAISI 2015, Ho Chi Minh City, Vietnam, May 19, 2015. Proceedings},
  author={Chau, Michael and Wang, G Alan and Chen, Hsinchun},
  journal={Lecture Notes in Computer Science},
  year={2015},
  publisher={Cham: Springer International Publishing}
}

@article{keefe2006can,
  title={Can Network Theory Thwart Terrorists?},
  author={Keefe, Patrick Radden},
  journal={The New York Times},
  volume={12},
  year={2006}
}

@article{lance2006triple,
  title={Triple Cross: How bin Laden$\backslash$'s Master Spy Penetrated the CIA, the Green Berets, and the FBI--and Why Patrick Fitzgerald Failed to Stop Him},
  author={Lance, Peter},
  year={2006},
  publisher={$\{$Regan Books$\}$}
}


@misc{i2Analyze2016,
  title = {Intelligence analysis in a dedicated environment for information fusion and sharing},
  author = {IBM},
  Year={2016},
  howpublished = {\url{, http://www-03.ibm.com/software/products/en/i2-analyze}},
  note = {Accessed: 2016-16-11}
 }
 
@book{berry1997data,
  title={Data mining techniques: for marketing, sales, and customer support},
  author={Berry, Michael J and Linoff, Gordon},
  year={1997},
  publisher={John Wiley \& Sons, Inc.}
}

@article{oatley2011data,
  title={Data mining and crime analysis},
  author={Oatley, Giles and Ewart, Brian},
  journal={Wiley Interdisciplinary Reviews: Data Mining and Knowledge Discovery},
  volume={1},
  number={2},
  pages={147--153},
  year={2011},
  publisher={Wiley Online Library}
}

@book{derosa2004data,
  title={Data mining and data analysis for counterterrorism},
  author={DeRosa, Mary},
  year={2004},
  publisher={CSIS Press}
}

@article{jeberson2015survey,
  title={Survey on Big Data for Counter Terrorism},
  author={Jeberson, W and Sharma, Lucky},
  year={2015}
}

@article{coscarelli2012nypd,
  title={NYPD’s domain awareness system is watching you},
  author={Coscarelli, J},
  journal={New York},
  year={2012}
}

@article{clauset2005scale,
  title={Scale invariance in global terrorism},
  author={Clauset, Aaron and Young, Maxwell},
  journal={arXiv preprint physics/0502014},
  year={2005}
}

@article{young2014survival,
  title={Survival of the fittest: Why terrorist groups endure},
  author={Young, Joseph K and Dugan, Laura},
  journal={Perspectives on Terrorism},
  volume={8},
  number={2},
  year={2014}
}

@article{strang2015analyzing,
  title={Analyzing relationships in terrorism big data using Hadoop and statistics},
  author={Strang, Kenneth David and Sun, Zhaohao},
  journal={Journal of Computer Information Systems},
  volume={57},
  number={1},
  pages={67--75},
  year={2015},
  publisher={Taylor \& Francis}
}

@article{csahinnew,
  title={THE NEW DISCIPLINE OF INTELLIGENCE WORLD AND ITS CRITICAL COMPONENT: CYBINT AND HUMINT1},
  author={{\c{S}}AH{\.I}N, Capt {\"O}zkan},
  publisher={Citeseer}
}

@article{tanner2014examining,
  title={Examining the Need for a Cyber Intelligence Discipline},
  author={Tanner, Ashley},
  journal={Journal of Homeland and National Security Perspectives},
  volume={1},
  number={1},
  pages={38--48},
  year={2014}
}

@article{engene2007five,
  title={Five decades of terrorism in Europe: The TWEED dataset},
  author={Engene, Jan Oskar},
  journal={Journal of Peace Research},
  volume={44},
  number={1},
  pages={109--121},
  year={2007},
  publisher={Sage Publications}
}

@book{east2016keesing,
  title={Keesing's Record of World Events 2016},
  author={East, Roger},
  year={2016},
  publisher={Longman}
}

@article{geddes1990cases,
  title={How the cases you choose affect the answers you get: Selection bias in comparative politics},
  author={Geddes, Barbara},
  journal={Political analysis},
  volume={2},
  number={1},
  pages={131--150},
  year={1990},
  publisher={SPM-PMSAPSA}
}

@Manual{plotlymanual2016,
    title = {plotly: Create Interactive Web Graphics via 'plotly.js'},
    author = {Carson Sievert and Chris Parmer and Toby Hocking and Scott Chamberlain and Karthik Ram and Marianne Corvellec and Pedro Despouy},
    year = {2016},
    note = {R package version 4.5.2},
    url = {https://CRAN.R-project.org/package=plotly},
  }
  
@Article{factominer2008,
    title = {{FactoMineR}: A Package for Multivariate Analysis},
    author = {S\'ebastien L\^e and Julie Josse and Fran\c{c}ois Husson},
    journal = {Journal of Statistical Software},
    year = {2008},
    volume = {25},
    number = {1},
    pages = {1--18},
    doi = {10.18637/jss.v025.i01},
  }


@Manual{leaflet2016,
    title = {leaflet: Create Interactive Web Maps with the JavaScript 'Leaflet'
Library},
    author = {Joe Cheng and Yihui Xie},
    year = {2016},
    note = {R package version 1.0.1},
    url = {https://CRAN.R-project.org/package=leaflet},
  }

@Book{ggplotwickham2009,
    author = {Hadley Wickham},
    title = {ggplot2: Elegant Graphics for Data Analysis},
    publisher = {Springer-Verlag New York},
    year = {2009},
    isbn = {978-0-387-98140-6},
    url = {http://ggplot2.org},
  }
  
@Article{reshape2007wickham,
    title = {Reshaping Data with the {reshape} Package},
    author = {Hadley Wickham},
    journal = {Journal of Statistical Software},
    year = {2007},
    volume = {21},
    number = {12},
    pages = {1--20},
    url = {http://www.jstatsoft.org/v21/i12/},
  }

@Manual{dplyr2016wickham,
    title = {dplyr: A Grammar of Data Manipulation},
    author = {Hadley Wickham and Romain Francois},
    year = {2016},
    note = {R package version 0.5.0},
    url = {https://CRAN.R-project.org/package=dplyr},
  }
  
@Manual{tidyr2916Wickham,
    title = {tidyr: Easily Tidy Data with `spread()` and `gather()` Functions},
    author = {Hadley Wickham},
    year = {2016},
    note = {R package version 0.6.0},
    url = {https://CRAN.R-project.org/package=tidyr}
  }

@book{wilkinson2006grammar,
  title={The grammar of graphics},
  author={Wilkinson, Leland},
  year={2006},
  publisher={Springer Science \& Business Media}
}

@book{hashim2005insurgency,
  title={Insurgency and Counter-insurgency in Iraq},
  author={Hashim, Ahmed},
  year={2005},
  publisher={Cornell University Press}
}  

@article{rand2015iraq,
  title={Iraq’s Sunni Reawakening},
  author={Rand, Dafna and Heras, N},
  journal={Foreign Affairs},
  volume={16},
  year={2015}
}

@article{davies1979cluster,
  title={A cluster separation measure},
  author={Davies, David L and Bouldin, Donald W},
  journal={IEEE transactions on pattern analysis and machine intelligence},
  number={2},
  pages={224--227},
  year={1979},
  publisher={IEEE}
}

@Misc{fields2015Nychka,
  title = {fields: Tools for spatial data},
  author = {Nychka, Douglas and Furrer,Reinhard and Paige, John  and Sain, Stephan},
  organization = {University Corporation for Atmospheric Research},
  year = {2015},
  url = {www.image.ucar.edu/fields},
  doi = {10.5065/D6W957CT}
}

@inproceedings{misra1996integrated,
  title={Integrated Use of GPS and GLONASS: Transformation between WGS 84 and PZ-90},
  author={Misra, Pratap N and Abbot, Richard I and Gaposcbkin, EM},
  booktitle={Proceedings of the 9th International Technical Meeting of the Satellite Division of The Institute of Navigation (ION GPS 1996)},
  pages={307--314},
  year={1996}
}

@article{bostock2012d3,
  title={D3. js},
  author={Bostock, Michael},
  journal={Data Driven Documents},
  year={2012}
}

@article{ladd2005robotics,
  title={Robotics-based location sensing using wireless ethernet},
  author={Ladd, Andrew M and Bekris, Kostas E and Rudys, Algis and Kavraki, Lydia E and Wallach, Dan S},
  journal={Wireless Networks},
  volume={11},
  number={1-2},
  pages={189--204},
  year={2005},
  publisher={Springer-Verlag New York, Inc.}
}

@article{bulla2006stylized,
  title={Stylized facts of financial time series and hidden semi-Markov models},
  author={Bulla, Jan and Bulla, Ingo},
  journal={Computational Statistics \& Data Analysis},
  volume={51},
  number={4},
  pages={2192--2209},
  year={2006},
  publisher={Elsevier}
}

@article{sonnhammer1998pfam,
  title={Pfam: multiple sequence alignments and HMM-profiles of protein domains},
  author={Sonnhammer, Erik LL and Eddy, Sean R and Birney, Ewan and Bateman, Alex and Durbin, Richard},
  journal={Nucleic acids research},
  volume={26},
  number={1},
  pages={320--322},
  year={1998},
  publisher={Oxford Univ Press}
}

@article{gales1998maximum,
  title={Maximum likelihood linear transformations for HMM-based speech recognition},
  author={Gales, Mark JF},
  journal={Computer speech \& language},
  volume={12},
  number={2},
  pages={75--98},
  year={1998},
  publisher={Elsevier}
}

@article{visser2012package,
  title={Package ‘depmixS4’},
  author={Visser, Ingmar and Speekenbrink, Maarten and Visser, Maintainer Ingmar},
  year={2012}
}

@article{spelluccidonlp,
  title={DONLP: Do Nonlinear Programming, 1993},
  author={Spellucci, P},
  journal={Obtained via Xnetlib server}
}
@inproceedings{park2009forecasting,
  title={Forecasting change directions for financial time series using hidden markov model},
  author={Park, Sang-Ho and Lee, Ju-Hong and Song, Jae-Won and Park, Tae-Su},
  booktitle={International Conference on Rough Sets and Knowledge Technology},
  pages={184--191},
  year={2009},
  organization={Springer}
}

@misc{RegimeDetection2012,
  title = {Regime Detection},
  author = {Adriaan Alsema},
  howpublished = {\url{https://systematicinvestor.wordpress.com/2012/11/01/regime-detection/}},
  note = {Accessed: 2016-10-22}  
}

@article{bae2014dynamic,
  title={Dynamic asset allocation for varied financial markets under regime switching framework},
  author={Bae, Geum Il and Kim, Woo Chang and Mulvey, John M},
  journal={European Journal of Operational Research},
  volume={234},
  number={2},
  pages={450--458},
  year={2014},
  publisher={Elsevier}
}

@inproceedings{austin1991forward,
  title={The forward-backward search algorithm},
  author={Austin, Steve and Schwartz, Richard and Placeway, Paul},
  booktitle={Acoustics, Speech, and Signal Processing, 1991. ICASSP-91., 1991 International Conference on},
  pages={697--700},
  year={1991},
  organization={IEEE}
}

@book{neter1996applied,
  title={Applied linear regression models},
  author={Neter, John},
  volume={1},
  year={1996},
  publisher={Richard D Irwin}
}

@article{sall1990leverage,
  title={Leverage plots for general linear hypotheses},
  author={Sall, John},
  journal={The American Statistician},
  volume={44},
  number={4},
  pages={308--315},
  year={1990},
  publisher={Taylor \& Francis Group}
}

@book{chatterjee2009sensitivity,
  title={Sensitivity analysis in linear regression},
  author={Chatterjee, Samprit and Hadi, Ali S},
  volume={327},
  year={2009},
  publisher={John Wiley \& Sons}
}

@book{rousseeuw2005robust,
  title={Robust regression and outlier detection},
  author={Rousseeuw, Peter J and Leroy, Annick M},
  volume={589},
  year={2005},
  publisher={John wiley \& sons}
}

@incollection{venables2002random,
  title={Random and mixed effects},
  author={Venables, William N and Ripley, Brian D},
  booktitle={Modern applied statistics with S},
  pages={271--300},
  year={2002},
  publisher={Springer}
}

@article{ver2007quasi,
  title={QUASI-POISSON VS. NEGATIVE BINOMIAL REGRESSION: HOW SHOULD WE MODEL OVERDISPERSED COUNT DATA?},
  author={Ver Hoef, Jay M and Boveng, Peter L},
  journal={Ecology},
  volume={88},
  number={11},
  pages={2766--2772},
  year={2007},
  publisher={Wiley Online Library}
}

@Book{AerRPack,
    title = {Applied Econometrics with {R}},
    author = {Christian Kleiber and Achim Zeileis},
    year = {2008},
    publisher = {Springer-Verlag},
    address = {New York},
    note = {{ISBN} 978-0-387-77316-2},
    url = {https://CRAN.R-project.org/package=AER}
}

@article{gardner1995regression,
  title={Regression analyses of counts and rates: Poisson, overdispersed Poisson, and negative binomial models.},
  author={Gardner, William and Mulvey, Edward P and Shaw, Esther C},
  journal={Psychological bulletin},
  volume={118},
  number={3},
  pages={392},
  year={1995},
  publisher={American Psychological Association}
}

@misc{UCLAPoiss,
  title = {Poisson Regression},
  author = {UCLA},
  howpublished = {\url{http://www.ats.ucla.edu/stat/r/dae/poissonreg.htm}}
}

@article{kuoti2016exclusion,
  title={Exclusion and Violence in Post-2003 Iraq},
  author={Kuoti, Yasir},
  journal={Journal of International Affairs},
  volume={69},
  number={2},
  pages={19},
  year={2016},
  publisher={Journal of International Affairs}
}

@article{simon2008price,
  title={The Price of the Surge-How US Strategy is Hastening Iraq's Demise},
  author={Simon, Steven},
  journal={Foreign Aff.},
  volume={87},
  pages={57},
  year={2008},
  publisher={HeinOnline}
}

@book{sekulow2015rise,
  title={Rise of ISIS: A threat we can't ignore},
  author={Sekulow, Jay and Sekulow, Jordan},
  year={2015},
  publisher={Simon and Schuster}
}

@misc{dabashi2012arab,
  title={The Arab Spring: the end of postcolonialism},
  author={Dabashi, Hamid},
  year={2012},
  publisher={JSTOR}
}

@article{grolemund2011dates,
  title={Dates and times made easy with lubridate},
  author={Grolemund, Garrett and Wickham, Hadley and others},
  journal={Journal of Statistical Software},
  volume={40},
  number={3},
  pages={1--25},
  year={2011}
}

@inproceedings{zhou2010stable,
  title={Stable principal component pursuit},
  author={Zhou, Zihan and Li, Xiaodong and Wright, John and Candes, Emmanuel and Ma, Yi},
  booktitle={Information Theory Proceedings (ISIT), 2010 IEEE International Symposium on},
  pages={1518--1522},
  year={2010},
  organization={IEEE}
}

@misc{RAD2017,
  title = {Surus-Time Series Anomaly Detectio},
  author = { start.umd.edu},
  Year={2016},
  howpublished = {\url{, https://github.com/ Netflix/ Surus/ blob/ master/ resources/ R/ RAD/ man/AnomalyDetection.rpca.Rd}},
  note = {Accessed: 2017-05-02}
 }
 
@Manual{twitterooutbreak,
    title = {AnomalyDetection: Anomaly Detection Using Seasonal Hybrid Extreme Studentized
Deviate Test},
    author = {Owen S. Vallis and Jordan Hochenbaum and Arun Kejariwal},
    year = {2014},
    note = {R package version 1.0},
  } 
  
@article{james2014leveraging,
  title={Leveraging cloud data to mitigate user experience from" breaking bad"},
  author={James, Nicholas A and Kejariwal, Arun and Matteson, David S},
  journal={arXiv preprint arXiv:1411.7955},
  year={2014}
}  

@article{fricker2008comparing,
  title={Comparing syndromic surveillance detection methods: EARS'versus a CUSUM-based methodology.},
  author={Fricker, Ronald D and Hegler, Benjamin L and Dunfee, David A},
  year={2008}
}

@article{farrington1996statistical,
  title={A statistical algorithm for the early detection of outbreaks of infectious disease},
  author={Farrington, CP and Andrews, Nick J and Beale, AD and Catchpole, MA},
  journal={Journal of the Royal Statistical Society. Series A (Statistics in Society)},
  pages={547--563},
  year={1996},
  publisher={JSTOR}
}

@article{salmon2016monitoring,
  title={Monitoring count time series in R: Aberration detection in public health surveillance},
  author={Salmon, Ma{\"e}lle and Schumacher, Dirk and H{\"o}hle, Michael},
  year={2016},
  publisher={Robert Koch-Institut, Infektionsepidemiologie}
}

@Manual{surveillancepackageR,
    title = {AnomalyDetection: Anomaly Detection Using Seasonal Hybrid Extreme Studentized
Deviate Test},
    author = {Owen S. Vallis and Jordan Hochenbaum and Arun Kejariwal},
    year = {2014},
    note = {R package version 1.0},
  }
  
@article{robertson2010review,
  title={Review of software for space-time disease surveillance},
  author={Robertson, Colin and Nelson, Trisalyn A},
  journal={International Journal of Health Geographics},
  volume={9},
  number={1},
  pages={16},
  year={2010},
  publisher={BioMed Central}
}

@article{stacey2007comparison,
  title={Comparison of aberration detection algorithms for syndromic surveillance},
  author={Stacey, Deborah A and Chrusczc, Bradley and Calvert, David},
  journal={Advances in Disease Surveillance},
  volume={2},
  pages={69},
  year={2007}
}

@article{fearon2007iraq,
  title={Iraq's civil war},
  author={Fearon, James D},
  journal={Foreign Aff.},
  volume={86},
  pages={2},
  year={2007},
  publisher={HeinOnline}
}

@book{ricks2009gamble,
  title={The gamble: General David Petraeus and the American military adventure in Iraq, 2006-2008},
  author={Ricks, Thomas E},
  year={2009},
  publisher={Penguin}
}

@article{kurdi1984islamic,
  title={The Islamic State},
  author={Kurdi, Abdulrahman Abdulkadir},
  journal={London: Mansell},
  year={1984}
}

@article{lewis2013qaeda,
  title={Al-QAedA in irAQ resurgent},
  author={Lewis, Jessica D},
  journal={Middle East Security Report},
  volume={14},
  year={2013}
}

@article{hepworth2013analysis,
  title={Analysis of Al-Qaeda Terrorist Attacks to Investigate Rational Action},
  author={Hepworth, Daniel P},
  journal={Perspectives on Terrorism},
  volume={7},
  number={2},
  year={2013}
}

@article{neumann2003myth,
  title={The myth of Ulsterization in British security policy in Northern Ireland},
  author={Neumann, Peter R},
  journal={Studies in Conflict and Terrorism},
  volume={26},
  number={5},
  pages={365--377},
  year={2003},
  publisher={Taylor \& Francis}
}

@article{sanders2013operation,
  title={Operation Motorman (1972) and the search for a coherent British counterinsurgency strategy in Northern Ireland},
  author={Sanders, Andrew},
  journal={Small Wars \& Insurgencies},
  volume={24},
  number={3},
  pages={465--492},
  year={2013},
  publisher={Taylor \& Francis}
}

@book{edwards2011northern,
  title={The Northern Ireland Troubles: Operation Banner 1969--2007},
  author={Edwards, Aaron},
  year={2011},
  publisher={Bloomsbury Publishing}
}

@inproceedings{wang2008investigative,
  title={Investigative visual analysis of global terrorism},
  author={Wang, Xiaoyu and Miller, Erin and Smarick, Kathleen and Ribarsky, William and Chang, Remco},
  booktitle={Computer Graphics Forum},
  volume={27},
  number={3},
  pages={919--926},
  year={2008},
  organization={Wiley Online Library}
}

@article{lee2008exploring,
  title={Exploring global terrorism data: a web-based visualization of temporal data},
  author={Lee, Joonghoon},
  journal={Crossroads},
  volume={15},
  number={2},
  pages={7--14},
  year={2008},
  publisher={ACM}
}

@inproceedings{berlingerio2011finding,
  title={Finding and characterizing communities in multidimensional networks},
  author={Berlingerio, Michele and Coscia, Michele and Giannotti, Fosca},
  booktitle={Advances in Social Networks Analysis and Mining (ASONAM), 2011 International Conference on},
  pages={490--494},
  year={2011},
  organization={IEEE}
}

@article{khorshid2015comparison,
  title={A comparison among support vector machine and other machine learning classification algorithms},
  author={Khorshid, M and Abou-El-Enien, T and Soliman, G},
  journal={IPASJ International Journal of Computer Science},
  volume={3},
  number={5},
  pages={26--35},
  year={2015}
}

@article{hall2009weka,
  title={The WEKA data mining software: an update},
  author={Hall, Mark and Frank, Eibe and Holmes, Geoffrey and Pfahringer, Bernhard and Reutemann, Peter and Witten, Ian H},
  journal={ACM SIGKDD explorations newsletter},
  volume={11},
  number={1},
  pages={10--18},
  year={2009},
  publisher={ACM}
}

@book{toomey2014r,
  title={R for data science},
  author={Toomey, Dan},
  year={2014},
  publisher={Packt Publishing Ltd}
}

@misc{wickham2016r,
  title={R for Data Science},
  author={Wickham, Hadley and Grolemund, Garrett},
  year={2016},
  publisher={Sebastopol, CA: O’Reilly Media}
}

 @Manual{purrrWickham2016,
    title = {purrr: Functional Programming Tools},
    author = {Hadley Wickham},
    year = {2016},
    note = {R package version 0.2.2},
    url = {https://CRAN.R-project.org/package=purrr},
  }
  
 @article{horsley1979sicarii,
  title={The Sicarii: Ancient Jewish" Terrorists"},
  author={Horsley, Richard A},
  journal={The journal of religion},
  volume={59},
  number={4},
  pages={435--458},
  year={1979},
  publisher={University of Chicago Press}
}

@book{sloan2009historical,
  title={Historical dictionary of terrorism},
  author={Sloan, Stephen and Anderson, Sean K},
  year={2009},
  publisher={Scarecrow Press}
}

@book{fraser2010gunpowder,
  title={The gunpowder plot: Terror and faith in 1605},
  author={Fraser, Antonia},
  year={2010},
  publisher={Hachette UK}
}

@book{moxon1983nation,
  title={Nation, class, and creed in Northern Ireland},
  author={Moxon-Browne, Edward},
  year={1983},
  publisher={Gower Publishing Company}
}

@article{llera1993eta,
  title={ETA: From secret army to social movement--the post-Franco schism of the Basque nationalist movement},
  author={Llera, Francisco J and Mata, Jos{\'e} M and Irvin, Cynthia L},
  journal={Terrorism and Political Violence},
  volume={5},
  number={3},
  pages={106--134},
  year={1993},
  publisher={Taylor \& Francis}
}

@article{ross1995rise,
  title={The rise and fall of Qu{\'e}b{\'e}cois separatist terrorism: A qualitative application of factors from two models},
  author={Ross, Jeffrey Ian},
  journal={Studies in Conflict \& Terrorism},
  volume={18},
  number={4},
  pages={285--297},
  year={1995},
  publisher={Taylor \& Francis}
}

@book{romero1998violence,
  title={The violence of love},
  author={Romero, Oscar Arnulfo and Brockman, James R},
  year={1998},
  publisher={Plough Publishing House}
}

@book{whiting2015spoiling,
  title={Spoiling the Peace?: The Threat of Dissident Republicans to Peace in Northern Ireland},
  author={Whiting, Sophie A},
  year={2015},
  publisher={Oxford University Press}
}

@techreport{watling2015ctc,
  title={CTC Sentinel. Volume 8, Issue 5},
  author={Watling, John},
  year={2015},
  institution={DTIC Document}
}

@article{margulies2016trump,
  title={Trump doesn’t really mean what he says. He’s just trying to change the subject.},
  author={Margulies, Ben},
  journal={USApp--American Politics and Policy Blog},
  year={2016},
  publisher={The London School of Economics and Political Science}
}

@article{gross2016cyber,
  title={Cyber Terrorism: Its Effects on Psychological Well Being, Public Confidence and Political Attitudes},
  author={Gross, Michael L and Canetti, Daphna and Vashdi, Dana Rachel},
  year={2016}
}

@book{blakemore2016policing,
  title={Policing Cyber Hate, Cyber Threats and Cyber Terrorism},
  author={Blakemore, Brian},
  year={2016},
  publisher={Routledge}
}

@book{lesser1999countering,
  title={Countering the new terrorism},
  author={Lesser, Ian and Arquilla, John and Hoffman, Bruce and Ronfeldt, David F and Zanini, Michele},
  year={1999},
  publisher={RAND corporation}
}

@article{ravndal2016right,
  title={Right-Wing Terrorism and Violence in Western Europe: Introducing the RTV Dataset},
  author={Ravndal, Jacob Aasland},
  journal={Perspectives on Terrorism},
  volume={10},
  number={3},
  year={2016}
}

@article{lafree2016global,
  title={Global Terrorism and the Deadliest Groups since 2001},
  author={LaFree, Gary and Dugan, Laura},
  journal={Peace and Conflict 2016},
  pages={67},
  year={2016},
  publisher={Routledge}
}

@article{hohle2007r,
  title={: An R package for the monitoring of infectious diseases},
  author={H{\"o}hle, Michael},
  journal={Computational Statistics},
  volume={22},
  number={4},
  pages={571--582},
  year={2007},
  publisher={Springer}
}

@inproceedings{kelly2015propagating,
  title={Propagating disaster warnings on social and digital media},
  author={Kelly, Stephen and Ahmad, Khurshid},
  booktitle={International Conference on Intelligent Data Engineering and Automated Learning},
  pages={475--484},
  year={2015},
  organization={Springer}
}

@article{pylypenkocognitive,
  title={Cognitive Alerting for Performance Measures},
  author={Pylypenko, Sergii}
}

@inproceedings{dawson2005trauma,
  title={Trauma, place and the politics of memory: Bloody Sunday, Derry, 1972--2004},
  author={Dawson, Graham},
  booktitle={History Workshop Journal},
  volume={59},
  number={1},
  pages={151--178},
  year={2005},
  organization={Oxford Univ Press}
}

@article{argomaniz2015examining,
  title={Examining deterrence and backlash effects in counter-terrorism: The case of ETA},
  author={Argomaniz, Javier and Vidal-Diez, Alberto},
  journal={Terrorism and Political Violence},
  volume={27},
  number={1},
  pages={160--181},
  year={2015},
  publisher={Taylor \& Francis}
}

@article{enders2011domestic,
  title={Domestic versus transnational terrorism: Data, decomposition, and dynamics},
  author={Enders, Walter and Sandler, Todd and Gaibulloev, Khusrav},
  journal={Journal of Peace Research},
  volume={48},
  number={3},
  pages={319--337},
  year={2011},
  publisher={Sage Publications Sage UK: London, England}
}

@article{noles2003judge,
  title={Judge Enjoins Testing of Naval Surveillance Technology (continued)},
  author={Noles Jr, James L},
  journal={Nat. Resources \& Env't.},
  volume={18},
  pages={57},
  year={2003},
  publisher={HeinOnline}
}

@article{shmueli2011statistical,
  title={Statistical challenges facing early outbreak detection in biosurveillance},
  author={Shmueli, Galit and Burkom, Howard},
  journal={Quality control and applied statistics},
  volume={56},
  number={1},
  pages={139--140},
  year={2011},
  publisher={Executive Sciences Institute}
}

@article{o2010not,
  title={Do not log-transform count data},
  author={O’hara, Robert B and Kotze, D Johan},
  journal={Methods in Ecology and Evolution},
  volume={1},
  number={2},
  pages={118--122},
  year={2010},
  publisher={Wiley Online Library}
}

@article{fischer2015guide,
  title={A Guide to US Military Casualty Statistics: Operation Inherent Resolve, Operation New Dawn, Operation Iraqi Freedom, and Operation Enduring Freedom. 2014},
  author={Fischer, Hannah},
  journal={Congressional Research Service http://www. fas. org/sgp/crs/natsec/RS22452. pdf Google Scholar},
  year={2015}
}

@techreport{peters2016department,
  title={Department of Defense Contractor and Troop Levels in Iraq and Afghanistan: 2007-2016},
  author={Peters, Heidi M and Schwartz, Moshe and Kapp, Lawrence},
  year={2016},
  institution={Congressional Research Service Washington United States}
}

@inproceedings{o2007us,
  title={US Forces in Iraq},
  author={O'Bryant, JoAnne and Waterhouse, Michael},
  year={2007},
  organization={DTIC Document}
}

@inproceedings{belasco2009troop,
  title={Troop levels in the Afghan and Iraq wars, FY2001-FY2012: Cost and other potential issues},
  author={Belasco, Amy},
  year={2009},
  organization={DTIC Document}
}

 
@article{kluyver2016jupyter,
  title={Jupyter Notebooks—a publishing format for reproducible computational workflows},
  author={Kluyver, Thomas and Ragan-Kelley, Benjamin and P{\'e}rez, Fernando and Granger, Brian and Bussonnier, Matthias and Frederic, Jonathan and Kelley, Kyle and Hamrick, Jessica and Grout, Jason and Corlay, Sylvain and others},
  journal={Positioning and Power in Academic Publishing: Players, Agents and Agendas},
  pages={87},
  year={2016}
}

@article{van2015terrorism,
  title={How Do Terrorism and Tourism Coexist in Turbulent Times?: Introduction to a Conflicting Relationship},
  author={van Niekerk, Mathilda and Pizam, Abraham},
  journal={Terrorism and the Economy: Impacts of the Capital Market and the Global Tourism Industry},
  pages={109--125},
  year={2015}
}

@incollection{sheehan2012assessing,
  title={Assessing and comparing data sources for terrorism research},
  author={Sheehan, Ivan Sascha},
  booktitle={Evidence-based counterterrorism policy},
  pages={13--40},
  year={2012},
  publisher={Springer}
}

@article{ben2009organised,
  title={Organised cybercrime and payment cards},
  author={Ben-Itzhak, Yuval},
  journal={Card Technology Today},
  volume={21},
  number={2},
  pages={10--11},
  year={2009},
  publisher={Elsevier}
}

@article{nesser2016jihadi,
  title={Jihadi Terrorism in Europe: The IS-Effect},
  author={Nesser, Petter and Stenersen, Anne and Oftedal, Emilie},
  journal={Perspectives on Terrorism},
  volume={10},
  number={6},
  year={2016}
}

@inproceedings{park2013big,
  title={Big Data and NSA Surveillance--Survey of Technology and Legal Issues},
  author={Park, Chanmin and Wang, Taehyung},
  booktitle={Multimedia (ISM), 2013 IEEE International Symposium on},
  pages={516--517},
  year={2013},
  organization={IEEE}
}

@misc{wikiiraqpres,
  title = {List of presidents of the Iraq},
  author = { Wikipedia},
  Year={2015},
  howpublished = {\url{,https://en.wikipedia.org/wiki/President_of_Iraq.html/ }},
  note = {Accessed: 2017-01-27}
 }
 
 
@misc{wikiuspres,
  title = {List of presidents of the United States},
  author = { Wikipedia},
  Year={2015},
  howpublished = {\url{,https://en.wikipedia.org/ wiki/ List_of_Presidents_of_the_United_States.html/ }},
  note = {Accessed: 2017-01-27}
 }

@article{jazic2013rise,
  title={Rise and fall of left wing terrorism},
  author={Jazi{\'c}, Aleksandar},
  journal={Medjunarodni problemi},
  volume={65},
  number={2},
  pages={238--269},
  year={2013}
}

@techreport{henzel2005origins,
  title={The origins of al Qaeda's ideology: implications for US strategy},
  author={Henzel, Christopher},
  year={2005},
  institution={DTIC Document}
}

@article{aid2003all,
  title={All glory is fleeting: Sigint and the fight against international terrorism},
  author={Aid, Matthew M},
  journal={Intelligence and National Security},
  volume={18},
  number={4},
  pages={72--120},
  year={2003},
  publisher={Taylor \& Francis}
}

@article{townsley2008space,
  title={Space time dynamics of insurgent activity in Iraq},
  author={Townsley, Michael and Johnson, Shane D and Ratcliffe, Jerry H},
  journal={Security Journal},
  volume={21},
  number={3},
  pages={139--146},
  year={2008},
  publisher={Springer}
}

@article{badey1998defining,
  title={Defining international terrorism: A pragmatic approach},
  author={Badey, Thomas J},
  journal={Terrorism and Political Violence},
  volume={10},
  number={1},
  pages={90--107},
  year={1998},
  publisher={Taylor \& Francis}
}

@article{merrick2015outthinking,
  title={Outthinking the Terrorists},
  author={Merrick, Jason and Leclerc, Philip and Trenkov, Hristo and Olsen, Robert},
  journal={Breakthroughs in Decision Science and Risk Analysis},
  pages={287},
  year={2015},
  publisher={John Wiley \& Sons}
}

@article{sellers2013data,
  title={Data dispersion: now you see it… now you don't},
  author={Sellers, Kimberly F and Shmueli, Galit},
  journal={Communications in Statistics-Theory and Methods},
  volume={42},
  number={17},
  pages={3134--3147},
  year={2013},
  publisher={Taylor \& Francis}
}

@article{reis2003time,
  title={Time series modeling for syndromic surveillance},
  author={Reis, Ben Y and Mandl, Kenneth D},
  journal={BMC Medical Informatics and Decision Making},
  volume={3},
  number={1},
  pages={2},
  year={2003},
  publisher={BioMed Central}
}

@article{ball2016automating,
  title={Automating social network analysis: A power tool for counter-terrorism},
  author={Ball, Leslie},
  journal={Security Journal},
  volume={29},
  number={2},
  pages={147--168},
  year={2016},
  publisher={Springer}
}